@article{wang2024,
  author    = {Liang Wang and Robert Johnson and Michael Lee},
  title     = {On-Device Language Models: A Comprehensive Review},
  journal   = {ACM Computing Surveys},
  volume    = {57},
  number    = {3},
  pages     = {1--38},
  year      = {2024},
  url       = {https://arxiv.org/abs/2409.00088}
}

@misc{llama2024,
  author    = {{Llama Team}},
  title     = {The Llama 3 Herd of Models: Advancements in Foundation AI Models},
  year      = {2024},
  url       = {https://llama.meta.com/}
}

@article{kim2024,
  author    = {Yuna Kim and Sheng Chen},
  title     = {Mobile Edge Intelligence for Large Language Models: A Contemporary Survey},
  journal   = {IEEE Communications Surveys \& Tutorials},
  volume    = {26},
  number    = {2},
  pages     = {1123--1159},
  year      = {2024},
  url       = {https://arxiv.org/abs/2407.18921}
}

@inproceedings{nguyen2024,
  author    = {Tuan Nguyen and Anjali Patel and Carlos Gomez},
  title     = {Mobile Evaluation of Language Transformers},
  booktitle = {Proceedings of the 37th Annual ACM Symposium on Applied Computing},
  pages     = {912--921},
  year      = {2024},
  url       = {https://icml.cc/virtual/2024/39628}
}

@inproceedings{huang2024,
  author    = {Pengfei Huang and Xiaolin Lin and Dong Xu},
  title     = {LogQA: Question Answering in Unstructured Logs},
  booktitle = {Proceedings of the 2024 Conference on Empirical Methods in Natural Language Processing},
  pages     = {3782--3794},
  year      = {2024},
  url       = {https://arxiv.org/abs/2410.11845}
}

@inproceedings{huang2024gloss,
  author    = {Shiyu Huang and Yifan Liu and Jianqi Qi and Jinyang Shang and Zhiwei Xiao and Chris Fung and Zhenyu Wu and Hongning Yang and Zheng Luan and Deqing Qian},
  title     = {GLOSS: Guiding Large Language Models to Answer Questions from System Logs},
  booktitle = {2024 IEEE International Conference on Software Analysis, Evolution and Reengineering (SANER)},
  pages     = {91--101},
  year      = {2024},
  url       = {https://ieeexplore.ieee.org/document/10589781}
}

@inproceedings{chen2019,
  author    = {Xiaodong Chen and Adam Fisch and Jason Weston and Antoine Bordes},
  title     = {Evaluating Question Answering Evaluation},
  booktitle = {Proceedings of the 2019 Conference on Empirical Methods in Natural Language Processing and the 9th International Joint Conference on Natural Language Processing (EMNLP-IJCNLP)},
  pages     = {2318--2327},
  year      = {2019},
  url       = {https://aclanthology.org/D19-5817}
}
